@INPROCEEDINGS{6138136,
author={Jijun Deng and Wanggen Wan and R. Swaminathan and Xiaoqing Yu and Xueqian Pan},
booktitle={Smart and Sustainable City (ICSSC 2011), IET International Conference on},
title={An audio fingerprinting system based on spectral energy structure},
year={2011},
pages={1-4},
keywords={audio coding;digital signatures;spectral analysis;audio clips;audio files;audio fingerprinting system;audio recording;audio signal;broadcast monitoring;collision probability;content-based digital signature;fingerprint database;fingerprint extraction;fingerprint matching;spectral energy structure;Audio fingerprint;energy structure},
doi={10.1049/cp.2011.0301},
month={July}
}
@INPROCEEDINGS{6566278,
author={R. Gubka and M. Kuba},
booktitle={Digital Technologies (DT), 2013 International Conference on},
title={A comparison of audio features for elementary sound based audio classification},
year={2013},
pages={14-17},
keywords={audio signal processing;cepstral analysis;particle swarm optimisation;signal classification;AudioDat sound database show improvement;LSF;SFX;ZCR;audio feature comparison;audio pattern searching;elementary sound based audio classification;first order time derivative;frequency cepstral coefficient;line spectral frequency;particle swarm optimization algorithm;second order time derivative;zero crossing rate;Computational modeling;Decoding;Feature extraction;Hidden Markov models;Mel frequency cepstral coefficient;Speech;Vectors;audio features;elementary sounds;pattern modeling},
doi={10.1109/DT.2013.6566278},
month={May},}
